% Encoding: UTF-8

@book{Garcia-Molina:2008,
 author = {Garcia-Molina, Hector and Ullman, Jeffrey D. and Widom, Jennifer},
 title = {Database Systems: The Complete Book},
 year = {2008},
 isbn = {9780131873254},
 edition = {2},
 publisher = {Prentice Hall Press},
 address = {Upper Saddle River, NJ, USA},
}

@Comment{jabref-meta: databaseType:bibtex;}
